
@ARTICLE{vHip2006,
       author = {{von Hippel}, Ted and {Jefferys}, William H. and {Scott}, James and {Stein}, Nathan and {Winget}, D.~E. and {De Gennaro}, Steven and {Dam}, Albert and {Jeffery}, Elizabeth},
        title = "{Inverting Color-Magnitude Diagrams to Access Precise Star Cluster Parameters: A Bayesian Approach}",
      journal = {\apj},
     keywords = {Galaxy: Open Clusters and Associations: General, Stars: Evolution, Stars: White Dwarfs, Astrophysics},
         year = 2006,
        month = jul,
       volume = {645},
       number = {2},
        pages = {1436-1447},
          doi = {10.1086/504369},
archivePrefix = {arXiv},
       eprint = {astro-ph/0603493},
 primaryClass = {astro-ph},
       adsurl = {https://ui.adsabs.harvard.edu/abs/2006ApJ...645.1436V},
      adsnote = {Provided by the SAO/NASA Astrophysics Data System}
}

@ARTICLE{Qiu2021,
author = {{Qiu}, Dan and {Tian}, Hai-Jun and {Wang}, Xi-Dong and {Nie}, Jia-Lu and {von Hippel}, Ted and {Liu}, Gao-Chao and {Fouesneau}, Morgan and {Rix}, Hans-Walter},
title = "{Precise Ages of Field Stars from White Dwarf Companions in Gaia DR2}",
journal = {\apjs},
keywords = {Stellar ages, Wide binary stars, Field stars, Markov chain Monte Carlo, Bayesian statistics, Main sequence stars, White dwarf stars, Zero-age main sequence stars, Stellar evolutionary tracks, Initial mass function, Photometry, 1581, 1801, 2103, 1889, 1900, 1000, 1799, 1843, 1600, 796, 1234, Astrophysics - Solar and Stellar Astrophysics},
year = 2021,
month = apr,
volume = {253},
number = {2},
eid = {58},
pages = {58},
doi = {10.3847/1538-4365/abe468},
archivePrefix = {arXiv},
eprint = {2012.04890},
primaryClass = {astro-ph.SR},
adsurl = {https://ui.adsabs.harvard.edu/abs/2021ApJS..253...58Q},
adsnote = {Provided by the SAO/NASA Astrophysics Data System}
}

@ARTICLE{Sod2010,
	author = {{Soderblom}, David R.},
	title = "{The Ages of Stars}",
	journal = {\araa},
	keywords = {Astrophysics - Solar and Stellar Astrophysics},
	year = 2010,
	month = sep,
	volume = {48},
	pages = {581-629},
	doi = {10.1146/annurev-astro-081309-130806},
	archivePrefix = {arXiv},
	eprint = {1003.6074},
	primaryClass = {astro-ph.SR},
	adsurl = {https://ui.adsabs.harvard.edu/abs/2010ARA&A..48..581S},
	adsnote = {Provided by the SAO/NASA Astrophysics Data System}
}

@ARTICLE{Cat2008,
	author = {{Catal{\'a}n}, S. and {Isern}, J. and {Garc{\'\i}a-Berro}, E. and {Ribas}, I.},
	title = "{The initial-final mass relationship of white dwarfs revisited: effect on the luminosity function and mass distribution}",
	journal = {\mnras},
	keywords = {stars: evolution, stars: luminosity function, mass function, white dwarfs, open clusters and associations: general, Astrophysics},
	year = 2008,
	month = jul,
	volume = {387},
	number = {4},
	pages = {1693-1706},
	doi = {10.1111/j.1365-2966.2008.13356.x},
	archivePrefix = {arXiv},
	eprint = {0804.3034},
	primaryClass = {astro-ph},
	adsurl = {https://ui.adsabs.harvard.edu/abs/2008MNRAS.387.1693C},
	adsnote = {Provided by the SAO/NASA Astrophysics Data System}
}

@ARTICLE{Ber2019,
	author = {{Bergeron}, P. and {Dufour}, P. and {Fontaine}, G. and {Coutu}, S. and {Blouin}, S. and {Genest-Beaulieu}, C. and {B{\'e}dard}, A. and {Rolland}, B.},
	title = "{On the Measurement of Fundamental Parameters of White Dwarfs in the Gaia Era}",
	journal = {\apj},
	keywords = {stars: fundamental parameters, techniques: photometric, techniques: spectroscopic, white dwarfs, Astrophysics - Solar and Stellar Astrophysics},
	year = 2019,
	month = may,
	volume = {876},
	number = {1},
	eid = {67},
	pages = {67},
	doi = {10.3847/1538-4357/ab153a},
	archivePrefix = {arXiv},
	eprint = {1904.02022},
	primaryClass = {astro-ph.SR},
	adsurl = {https://ui.adsabs.harvard.edu/abs/2019ApJ...876...67B},
	adsnote = {Provided by the SAO/NASA Astrophysics Data System}
}

@ARTICLE{vHip2014,
	author = {{von Hippel}, Ted and {Robinson}, Elliot and {Jeffery}, Elizabeth and {Wagner-Kaiser}, Rachel and {DeGennaro}, Steven and {Stein}, Nathan and {Stenning}, David and {Jefferys}, William H. and {van Dyk}, David},
	title = "{Bayesian Analysis for Stellar Evolution with Nine Parameters (BASE-9): User's Manual}",
	journal = {arXiv e-prints},
	keywords = {Astrophysics - Solar and Stellar Astrophysics, Astrophysics - Instrumentation and Methods for Astrophysics},
	year = 2014,
	month = nov,
	eid = {arXiv:1411.3786},
	pages = {arXiv:1411.3786},
	archivePrefix = {arXiv},
	eprint = {1411.3786},
	primaryClass = {astro-ph.SR},
	adsurl = {https://ui.adsabs.harvard.edu/abs/2014arXiv1411.3786V},
	adsnote = {Provided by the SAO/NASA Astrophysics Data System}
}

@ARTICLE{Hou2021,
	author = {{Hou}, L.~G.},
	title = "{The spiral structure in the Solar neighbourhood}",
	journal = {Frontiers in Astronomy and Space Sciences},
	keywords = {Galaxy: Structure -, Hii region, stars: ealry-type, stars: massive, Molecular clouds, Astrophysics - Astrophysics of Galaxies},
	year = 2021,
	month = aug,
	volume = {8},
	eid = {103},
	pages = {103},
	doi = {10.3389/fspas.2021.671670},
	archivePrefix = {arXiv},
	eprint = {2110.04446},
	primaryClass = {astro-ph.GA},
	adsurl = {https://ui.adsabs.harvard.edu/abs/2021FrASS...8..103H},
	adsnote = {Provided by the SAO/NASA Astrophysics Data System}
}

@ARTICLE{Pog2021,
	author = {{Poggio}, E. and {Drimmel}, R. and {Cantat-Gaudin}, T. and {Ramos}, P. and {Ripepi}, V. and {Zari}, E. and {Andrae}, R. and {Blomme}, R. and {Chemin}, L. and {Clementini}, G. and {Figueras}, F. and {Fouesneau}, M. and {Fr{\'e}mat}, Y. and {Lobel}, A. and {Marshall}, D.~J. and {Muraveva}, T. and {Romero-G{\'o}mez}, M.},
	title = "{Galactic spiral structure revealed by Gaia EDR3}",
	journal = {\aap},
	keywords = {Galaxy: disk, Galaxy: structure, Galaxy: stellar content, Astrophysics - Astrophysics of Galaxies},
	year = 2021,
	month = jul,
	volume = {651},
	eid = {A104},
	pages = {A104},
	doi = {10.1051/0004-6361/202140687},
	archivePrefix = {arXiv},
	eprint = {2103.01970},
	primaryClass = {astro-ph.GA},
	adsurl = {https://ui.adsabs.harvard.edu/abs/2021A&A...651A.104P},
	adsnote = {Provided by the SAO/NASA Astrophysics Data System}
}

@ARTICLE{OMa2013,
	author = {{O'Malley}, Erin M. and {von Hippel}, Ted and {van Dyk}, David A.},
	title = "{A Bayesian Approach to Deriving Ages of Individual Field White Dwarfs}",
	journal = {\apj},
	keywords = {methods: statistical, white dwarfs, Astrophysics - Solar and Stellar Astrophysics},
	year = 2013,
	month = sep,
	volume = {775},
	number = {1},
	eid = {1},
	pages = {1},
	doi = {10.1088/0004-637X/775/1/1},
	archivePrefix = {arXiv},
	eprint = {1307.7145},
	primaryClass = {astro-ph.SR},
	adsurl = {https://ui.adsabs.harvard.edu/abs/2013ApJ...775....1O},
	adsnote = {Provided by the SAO/NASA Astrophysics Data System}
}

@INPROCEEDINGS{Web2015,
	author = {{Webster}, Aaron and {von Hippel}, and {Si}, Shijing and {van Dyk}, David and {Montgomery}, Michael and {Robinson}, Elliot and {Stenning}, David and {Stein}, Nathan and {Kraczek}, Elizabeth Jeffery and {Jefferys}, William H. and {O'Malley}, Erin},
	title = "{Deriving Precise Ages of Field White Dwarfs using Bayesian Techniques}",
	booktitle = {19th European Workshop on White Dwarfs},
	year = 2015,
	editor = {{Dufour}, P. and {Bergeron}, P. and {Fontaine}, G.},
	series = {Astronomical Society of the Pacific Conference Series},
	volume = {493},
	month = jun,
	pages = {145},
	adsurl = {https://ui.adsabs.harvard.edu/abs/2015ASPC..493..145W},
	adsnote = {Provided by the SAO/NASA Astrophysics Data System}
}

@ARTICLE{Kou2019,
	author = {{Kounkel}, Marina and {Covey}, Kevin},
	title = "{Untangling the Galaxy. I. Local Structure and Star Formation History of the Milky Way}",
	journal = {\aj},
	keywords = {Milky Way dynamics, Galaxy structure, Stellar kinematics, Stellar associations, Star clusters, Stellar ages, 1051, 622, 1608, 1582, 1567, 1581, Astrophysics - Astrophysics of Galaxies, Astrophysics - Solar and Stellar Astrophysics},
	year = 2019,
	month = sep,
	volume = {158},
	number = {3},
	eid = {122},
	pages = {122},
	doi = {10.3847/1538-3881/ab339a},
	archivePrefix = {arXiv},
	eprint = {1907.07709},
	primaryClass = {astro-ph.GA},
	adsurl = {https://ui.adsabs.harvard.edu/abs/2019AJ....158..122K},
	adsnote = {Provided by the SAO/NASA Astrophysics Data System}
}

@ARTICLE{Fou2019,
	author = {{Fouesneau}, Morgan and {Rix}, Hans-Walter and {von Hippel}, Ted and {Hogg}, David. W. and {Tian}, Haijun},
	title = "{Precise Ages of Field Stars from White Dwarf Companions}",
	journal = {\apj},
	keywords = {methods: data analysis, methods: statistical, stars: evolution, stars: fundamental parameters, techniques: spectroscopic, Astrophysics - Solar and Stellar Astrophysics},
	year = 2019,
	month = jan,
	volume = {870},
	number = {1},
	eid = {9},
	pages = {9},
	doi = {10.3847/1538-4357/aaee74},
	archivePrefix = {arXiv},
	eprint = {1802.06663},
	primaryClass = {astro-ph.SR},
	adsurl = {https://ui.adsabs.harvard.edu/abs/2019ApJ...870....9F},
	adsnote = {Provided by the SAO/NASA Astrophysics Data System}
}

@ARTICLE{vDyk2009,
	author = {{van Dyk}, David A. and {Degennaro}, Steven and {Stein}, Nathan and {Jefferys}, William H. and {von Hippel}, Ted},
	title = "{Statistical analysis of stellar evolution}",
	journal = {Annals of Applied Statistics},
	keywords = {Color-Magnitude Diagram, contaminated data, dynamic MCMC, informative prior distributions, Markov chain Monte Carlo, mixture models, Statistics - Applications},
	year = 2009,
	month = jan,
	volume = {3},
	pages = {117-143},
	doi = {10.1214/08-AOAS219SUPP},
	archivePrefix = {arXiv},
	eprint = {0905.2547},
	primaryClass = {stat.AP},
	adsurl = {https://ui.adsabs.harvard.edu/abs/2009AnApS...3..117V},
	adsnote = {Provided by the SAO/NASA Astrophysics Data System}
}

@ARTICLE{Sel2021,
	author = {{Sellwood}, J.~A. and {Masters}, Karen L.},
	title = "{Spirals in galaxies}",
	journal = {arXiv e-prints},
	keywords = {Astrophysics - Astrophysics of Galaxies},
	year = 2021,
	month = oct,
	eid = {arXiv:2110.05615},
	pages = {arXiv:2110.05615},
	archivePrefix = {arXiv},
	eprint = {2110.05615},
	primaryClass = {astro-ph.GA},
	adsurl = {https://ui.adsabs.harvard.edu/abs/2021arXiv211005615S},
	adsnote = {Provided by the SAO/NASA Astrophysics Data System}
}

@ARTICLE{Shu2016,
	author = {{Shu}, Frank H.},
	title = "{Six Decades of Spiral Density Wave Theory}",
	journal = {\araa},
	year = 2016,
	month = sep,
	volume = {54},
	pages = {667-724},
	doi = {10.1146/annurev-astro-081915-023426},
	adsurl = {https://ui.adsabs.harvard.edu/abs/2016ARA&A..54..667S},
	adsnote = {Provided by the SAO/NASA Astrophysics Data System}
}

@ARTICLE{Shab2018,
	author = {{Shabani}, F. and {Grebel}, E.~K. and {Pasquali}, A. and {D'Onghia}, E. and {Gallagher}, J.~S. and {Adamo}, A. and {Messa}, M. and {Elmegreen}, B.~G. and {Dobbs}, C. and {Gouliermis}, D.~A. and {Calzetti}, D. and {Grasha}, K. and {Elmegreen}, D.~M. and {Cignoni}, M. and {Dale}, D.~A. and {Aloisi}, A. and {Smith}, L.~J. and {Tosi}, M. and {Thilker}, D.~A. and {Lee}, J.~C. and {Sabbi}, E. and {Kim}, H. and {Pellerin}, A.},
	title = "{Search for star cluster age gradients across spiral arms of three LEGUS disc galaxies}",
	journal = {\mnras},
	keywords = {galaxies: individual: NGC 1566, M51, NGC 628, galaxies: spiral, galaxies: structure, Astrophysics - Astrophysics of Galaxies},
	year = 2018,
	month = aug,
	volume = {478},
	number = {3},
	pages = {3590-3604},
	doi = {10.1093/mnras/sty1277},
	archivePrefix = {arXiv},
	eprint = {1805.05643},
	primaryClass = {astro-ph.GA},
	adsurl = {https://ui.adsabs.harvard.edu/abs/2018MNRAS.478.3590S},
	adsnote = {Provided by the SAO/NASA Astrophysics Data System}
}

@ARTICLE{Bar2007,
	author = {{Barnes}, Sydney A.},
	title = "{Ages for Illustrative Field Stars Using Gyrochronology: Viability, Limitations, and Errors}",
	journal = {\apj},
	keywords = {Galaxy: Open Clusters and Associations: General, Stars: Activity, Stars: Evolution, Stars: Late-Type, Stars: Magnetic Fields, Stars: Rotation, Astrophysics},
	year = 2007,
	month = nov,
	volume = {669},
	number = {2},
	pages = {1167-1189},
	doi = {10.1086/519295},
	archivePrefix = {arXiv},
	eprint = {0704.3068},
	primaryClass = {astro-ph},
	adsurl = {https://ui.adsabs.harvard.edu/abs/2007ApJ...669.1167B},
	adsnote = {Provided by the SAO/NASA Astrophysics Data System}
}

@ARTICLE{Sku1972,
	author = {{Skumanich}, A.},
	title = "{Time Scales for Ca II Emission Decay, Rotational Braking, and Lithium Depletion}",
	journal = {\apj},
	year = 1972,
	month = feb,
	volume = {171},
	pages = {565},
	doi = {10.1086/151310},
	adsurl = {https://ui.adsabs.harvard.edu/abs/1972ApJ...171..565S},
	adsnote = {Provided by the SAO/NASA Astrophysics Data System}
}

@ARTICLE{Car2016,
	author = {{Carlos}, Mar{\'\i}lia and {Nissen}, Poul E. and {Mel{\'e}ndez}, Jorge},
	title = "{Correlation between lithium abundances and ages of solar twin stars}",
	journal = {\aap},
	keywords = {stars: abundances, stars: evolution, planetary systems, Astrophysics - Solar and Stellar Astrophysics},
	year = 2016,
	month = mar,
	volume = {587},
	eid = {A100},
	pages = {A100},
	doi = {10.1051/0004-6361/201527478},
	archivePrefix = {arXiv},
	eprint = {1601.05054},
	primaryClass = {astro-ph.SR},
	adsurl = {https://ui.adsabs.harvard.edu/abs/2016A&A...587A.100C},
	adsnote = {Provided by the SAO/NASA Astrophysics Data System}
}

@ARTICLE{Zhao2011,
	author = {{Zhao}, J.~K. and {Oswalt}, T.~D. and {Rudkin}, M. and {Zhao}, G. and {Chen}, Y.~Q.},
	title = "{The Chromospheric Activity, Age, Metallicity, and Space Motions of 36 Wide Binaries}",
	journal = {\aj},
	keywords = {stars: activity, stars: late-type, white dwarfs, Astrophysics - Solar and Stellar Astrophysics},
	year = 2011,
	month = apr,
	volume = {141},
	number = {4},
	eid = {107},
	pages = {107},
	doi = {10.1088/0004-6256/141/4/107},
	archivePrefix = {arXiv},
	eprint = {1101.3257},
	primaryClass = {astro-ph.SR},
	adsurl = {https://ui.adsabs.harvard.edu/abs/2011AJ....141..107Z},
	adsnote = {Provided by the SAO/NASA Astrophysics Data System}
}


